@article{SchKei:2012:tho,
  author = {Schr√∂der, J. and Keip, M.-A.},
  title = {Two-scale homogenization of electromechanically coupled boundary value problems -- consistent linearization and applications},
  booktitle = {Computational Mechanics},
  journal = {Computational Mechanics},
  year = {2012},
  volume = {50},
  number = {2},
  pages = {229--244}
}
