@Article{EPFL-ARTICLE-184958,
   affiliation = {EPFL},
   author      = {Abdulle, Assyr},
   details     = {http://infoscience.epfl.ch/record/184958},
   documenturl = {http://infoscience.epfl.ch/record/184958/files/abd_num_hom_springer.pdf},
   journal     = {Springer, {E}ncyclopedia of {A}pplied and {C}omputational {M}athematics},
   keywords    = {multiscale methods for homogenization problems;
                 upscaling methods; representative volume element methods},
   oai-id      = {oai:infoscience.epfl.ch:184958},
   oai-set     = {driver},
   review      = {NON-REVIEWED},
   status      = {ACCEPTED},
   submitter   = {189910; 189910; 189910},
   title       = {Numerical homogenization methods},
   unit        = {ANMC},
   year        = 2013
}

@book{efendiev2009multiscale,
  title={Multiscale finite element methods: theory and applications},
  author={Efendiev, Yalchin and Hou, Thomas Y},
  volume={4},
  year={2009},
  publisher={Springer Science \& Business Media}
}

@article{cioranescu2000introduction,
  title={Introduction to homogenization},
  author={Cioranescu, Doina and Donato, Patrizia},
  year={2000}
}

@article{weinan2007heterogeneous,
  title={Heterogeneous multiscale methods: a review},
  author={Weinan, E and Engquist, Bjorn and Li, Xiantao and Ren, Weiqing and Vanden-Eijnden, Eric},
  journal={Commun. Comput. Phys},
  volume={2},
  number={3},
  pages={367--450},
  year={2007}
}

@article{hollister1992comparison,
  title={A comparison of homogenization and standard mechanics analyses for periodic porous composites},
  author={Hollister, Scott J and Kikuchi, Noboru},
  journal={Computational Mechanics},
  volume={10},
  number={2},
  pages={73--95},
  year={1992},
  publisher={Springer}
}

@article{hassani1998review,
  title={A review of homogenization and topology optimization I â€” homogenization theory for media with periodic structure},
  author={Hassani, Behrooz and Hinton, Ernest},
  journal={Computers \& Structures},
  volume={69},
  number={6},
  pages={707--717},
  year={1998},
  publisher={Pergamon}
}

@article{gluge2012comparison,
  title={Comparison of spherical and cubical statistical volume elements with respect to convergence, anisotropy, and localization behavior},
  author={Gl{\"u}ge, R and Weber, M and Bertram, A},
  journal={Computational Materials Science},
  volume={63},
  pages={91--104},
  year={2012},
  publisher={Elsevier}
}

@article{kirby2006compiler,
  title={A compiler for variational forms},
  author={Kirby, Robert C and Logg, Anders},
  journal={ACM Transactions on Mathematical Software (TOMS)},
  volume={32},
  number={3},
  pages={417--444},
  year={2006},
  publisher={ACM}
}

@book{wells2012automated,
  title={Automated Solution of Differential Equations by the Finite Element Method: The FEniCS Book},
  author={Wells, Garth and Mardal, Kent-Andre and Logg, Anders},
  year={2012},
  publisher={Springer}
}
